<<<<<<< HEAD
@manual{v204,
||||||| merged common ancestors
@manual{sample,
=======
@manual{V204,
>>>>>>> Auswertung und Diskussion
  author = {TU Dortmund},
<<<<<<< HEAD
  title = {V204: Wärmeleitung von Metallen},
  year = 2018
||||||| merged common ancestors
  title = {Versuch zum Literaturverzeichnis},
  year = 2014
=======
  title = {Versuch zur Wärmeleitung von Metallen},
  year = 2018
>>>>>>> Auswertung und Diskussion
}
